@inproceedings{DBLP:conf/sigcomm/LangleyRWVKZYKS17,
  author    = {Adam Langley and
               Alistair Riddoch and
               Alyssa Wilk and
               Antonio Vicente and
               Charles Krasic and
               Dan Zhang and
               Fan Yang and
               Fedor Kouranov and
               Ian Swett and
               Janardhan R. Iyengar and
               Jeff Bailey and
               Jeremy Dorfman and
               Jim Roskind and
               Joanna Kulik and
               Patrik Westin and
               Raman Tenneti and
               Robbie Shade and
               Ryan Hamilton and
               Victor Vasiliev and
               Wan{-}Teh Chang and
               Zhongyi Shi},
  title     = {The {QUIC} Transport Protocol: Design and Internet-Scale Deployment},
  booktitle = {Proceedings of the Conference of the {ACM} Special Interest Group
               on Data Communication, {SIGCOMM} 2017, Los Angeles, CA, USA, August
               21-25, 2017},
  pages     = {183--196},
  year      = {2017},
  crossref  = {DBLP:conf/sigcomm/2017},
  url       = {http://doi.acm.org/10.1145/3098822.3098842},
  doi       = {10.1145/3098822.3098842},
  timestamp = {Tue, 15 Aug 2017 20:12:35 +0200},
  biburl    = {https://dblp.org/rec/bib/conf/sigcomm/LangleyRWVKZYKS17},
  bibsource = {dblp computer science bibliography, https://dblp.org}
}

@proceedings{DBLP:conf/sigcomm/2017,
  title     = {Proceedings of the Conference of the {ACM} Special Interest Group
               on Data Communication, {SIGCOMM} 2017, Los Angeles, CA, USA, August
               21-25, 2017},
  publisher = {{ACM}},
  year      = {2017},
  url       = {http://doi.acm.org/10.1145/3098822},
  doi       = {10.1145/3098822},
  isbn      = {978-1-4503-4653-5},
  timestamp = {Tue, 15 Aug 2017 20:11:52 +0200},
  biburl    = {https://dblp.org/rec/bib/conf/sigcomm/2017},
  bibsource = {dblp computer science bibliography, https://dblp.org}
}



@inproceedings{DBLP:conf/imc/KakhkiJCNM17,
  author    = {Arash Molavi Kakhki and
               Samuel Jero and
               David R. Choffnes and
               Cristina Nita{-}Rotaru and
               Alan Mislove},
  title     = {Taking a long look at {QUIC:} an approach for rigorous evaluation
               of rapidly evolving transport protocols},
  booktitle = {Proceedings of the 2017 Internet Measurement Conference, {IMC} 2017,
               London, United Kingdom, November 1-3, 2017},
  pages     = {290--303},
  year      = {2017},
  crossref  = {DBLP:conf/imc/2017},
  url       = {http://doi.acm.org/10.1145/3131365.3131368},
  doi       = {10.1145/3131365.3131368},
  timestamp = {Wed, 15 Nov 2017 08:48:40 +0100},
  biburl    = {https://dblp.org/rec/bib/conf/imc/KakhkiJCNM17},
  bibsource = {dblp computer science bibliography, https://dblp.org}
}

@proceedings{DBLP:conf/imc/2017,
  editor    = {Steve Uhlig and
               Olaf Maennel},
  title     = {Proceedings of the 2017 Internet Measurement Conference, {IMC} 2017,
               London, United Kingdom, November 1-3, 2017},
  publisher = {{ACM}},
  year      = {2017},
  url       = {http://dl.acm.org/citation.cfm?id=3131365},
  isbn      = {978-1-4503-5118-8},
  timestamp = {Tue, 14 Nov 2017 10:24:16 +0100},
  biburl    = {https://dblp.org/rec/bib/conf/imc/2017},
  bibsource = {dblp computer science bibliography, https://dblp.org}
}

@article{DBLP:journals/internet/CuiLLWK17,
  author    = {Yong Cui and
               Tianxiang Li and
               Cong Liu and
               Xingwei Wang and
               Mirja K{\"{u}}hlewind},
  title     = {Innovating Transport with {QUIC:} Design Approaches and Research Challenges},
  journal   = {{IEEE} Internet Computing},
  volume    = {21},
  number    = {2},
  pages     = {72--76},
  year      = {2017},
  url       = {https://doi.org/10.1109/MIC.2017.44},
  doi       = {10.1109/MIC.2017.44},
  timestamp = {Tue, 28 Nov 2017 16:18:09 +0100},
  biburl    = {https://dblp.org/rec/bib/journals/internet/CuiLLWK17},
  bibsource = {dblp computer science bibliography, https://dblp.org}
}



@inproceedings{DBLP:conf/pam/RuthPDH18,
  author    = {Jan R{\"{u}}th and
               Ingmar Poese and
               Christoph Dietzel and
               Oliver Hohlfeld},
  title     = {A First Look at {QUIC} in the Wild},
  booktitle = {Passive and Active Measurement - 19th International Conference, {PAM}
               2018, Berlin, Germany, March 26-27, 2018, Proceedings},
  pages     = {255--268},
  year      = {2018},
  crossref  = {DBLP:conf/pam/2018},
  url       = {https://doi.org/10.1007/978-3-319-76481-8_19},
  doi       = {10.1007/978-3-319-76481-8_19},
  timestamp = {Fri, 02 Mar 2018 14:43:51 +0100},
  biburl    = {https://dblp.org/rec/bib/conf/pam/RuthPDH18},
  bibsource = {dblp computer science bibliography, https://dblp.org}
}

@online{Link:tls_perfGithub,
  author = {Bernhard Jaeger},
  title = {tls\_perf},
  year = 2018,
  url = {https://github.com/Kait0/tls_perf},
  urldate = {2018-08-01}
}

@online{Link:quic_perfGithub,
  author = {Bernhard Jaeger},
  title = {quic\_perf},
  year = 2018,
  url = {https://github.com/Kait0/lsquic-client},
  urldate = {2018-08-01}
}

@online{Link:happy,
  author = {Vaibhav Bajpai},
  title = {happy eyeballs},
  year = 2018,
  url = {https://github.com/vbajpai/happy},
  urldate = {2018-08-01}
}

@inproceedings{DBLP:conf/anrw/BajpaiS16,
  author    = {Vaibhav Bajpai and
               J{\"{u}}rgen Sch{\"{o}}nw{\"{a}}lder},
  title     = {Measuring the Effects of Happy Eyeballs},
  booktitle = {Proceedings of the 2016 Applied Networking Research Workshop, {ANRW}
               2016, Berlin, Germany, July 16, 2016},
  pages     = {38--44},
  year      = {2016},
  crossref  = {DBLP:conf/anrw/2016},
  url       = {http://dl.acm.org/citation.cfm?id=2959429},
  timestamp = {Mon, 20 Mar 2017 15:37:35 +0100},
  biburl    = {https://dblp.org/rec/bib/conf/anrw/BajpaiS16},
  bibsource = {dblp computer science bibliography, https://dblp.org}
}

@proceedings{DBLP:conf/anrw/2016,
  editor    = {Lars Eggert and
               Colin Perkins},
  title     = {Proceedings of the 2016 Applied Networking Research Workshop, {ANRW}
               2016, Berlin, Germany, July 16, 2016},
  publisher = {{ACM}},
  year      = {2016},
  url       = {http://doi.acm.org/10.1145/2959424},
  doi       = {10.1145/2959424},
  isbn      = {978-1-4503-4443-2},
  timestamp = {Mon, 20 Mar 2017 15:32:08 +0100},
  biburl    = {https://dblp.org/rec/bib/conf/anrw/2016},
  bibsource = {dblp computer science bibliography, https://dblp.org}
}

@online{Link:curl_getinfo,
  title = {curl\_easy\_getinfo},
  url = {https://curl.haxx.se/libcurl/c/curl_easy_getinfo.html},
  urldate = {2018-08-01}
}

@online{Link:getopt,
  author = {Ludvik Jerabek},
  title = {getopt for windows},
  year = 2012,
  url = {https://www.codeproject.com/KB/cpp/getopt4win/getopt_mb_uni_src.zip},
  urldate = {2018-08-02}
}

@online{Link:LSQUICissue10,
  author = {Bernhard Jaeger},
  title = {LSQUIC issue 10},
  year = 2018,
  url = {https://github.com/litespeedtech/lsquic-client/issues/10},
  urldate = {2018-08-02}
}

@online{Link:LSQUICissue13,
  author = {Bernhard Jaeger},
  title = {LSQUIC issue 13},
  year = 2018,
  url = {https://github.com/litespeedtech/lsquic-client/issues/13},
  urldate = {2018-08-02}
}

@online{Link:LSQUICpullrequest,
  author = {Bernhard Jaeger},
  title = {LSQUIC Pull Request 30/34},
  year = 2018,
  note = "\url{https://github.com/litespeedtech/lsquic-client/pull/30} and
  		\url{https://github.com/litespeedtech/lsquic-client/pull/34}",
  urldate = {2018-08-02}
}

@online{Link:QUICsupport,
  author = {Jan RÃ¼th and Oliver Hohlfeld},
  title = {Websites with QUIC support},
  year = 2018,
  url = {https://quic.comsys.rwth-aachen.de/quic-website-data/lists/quic-grabber_alexa-A-www_truesupport_2018-06.tar.br},
  urldate = {2018-08-02}
}

@online{Link:CSVData,
  author = {Bernhard Jaeger},
  title = {CSV Datasets},
  year = 2018,
  url = {https://github.com/Kait0/quic-bachelorthesis/tree/master/data/CSV%20Data},
  urldate = {2018-08-11}
}

@online{Link:curlFix,
  author = {Daniel Stenberg},
  title = {Curl DNS lookup time fix},
  year = 2018,
  url = {https://curl.haxx.se/mail/lib-2018-06/0117.html},
  urldate = {2018-08-05}
}

@online{Link:httpTunnel,
  author = {Steffen Ulrich},
  title = {Http Tunneling},
  year = 2018,
  url = {https://stackoverflow.com/questions/50840101/curl-35-error1408f10bssl-routinesssl3-get-recordwrong-version-number},
  urldate = {2018-08-07}
}

@online{Link:pythonFiles,
  author = {Bernhard Jaeger},
  title = {Python Files},
  year = 2018,
  url = {https://github.com/Kait0/quic-bachelorthesis/tree/master/data},
  urldate = {2018-08-07}
}

@online{Link:ietfQuic,
  title = {IETF QUIC},
  year = 2017,
  url = {https://datatracker.ietf.org/wg/quic/about/},
  urldate = {2018-08-08}
}

@misc{ietf-tls-tls13-28,
	series =	{Request for Comments},
	number =	8446,
	howpublished =	{RFC 8446},
	publisher =	{RFC Editor},
	doi =		{10.17487/RFC8446},
	url =		{https://rfc-editor.org/rfc/rfc8446.txt},
    author =	{Eric Rescorla},
	title =		{{The Transport Layer Security (TLS) Protocol Version 1.3}},
	pagetotal =	160,
	year =		2018,
	month =		aug,
	abstract =	{This document specifies version 1.3 of the Transport Layer Security (TLS) protocol. TLS allows client/server applications to communicate over the Internet in a way that is designed to prevent eavesdropping, tampering, and message forgery.},
}

@online{Link:IPv6Draft,
  author = {S. Deering, R. Hinden},
  title = {IPv6 Draft Standard},
  year = 1998,
  url = {https://tools.ietf.org/html/rfc2460},
  urldate = {2018-08-08}
}

@online{Link:IPv6Internet,
  author = {S. Deering and R. Hinden},
  title = {IPv6 Internet Standard},
  year = 2017,
  url = {https://tools.ietf.org/html/rfc8200},
  urldate = {2018-08-08}
}

@online{Link:IPv6Adoption,
  author = {Google},
  title = {IPv6 Adoption Statistics},
  url = {https://www.google.com/intl/en/ipv6/statistics.html},
  urldate = {2018-08-08}
}

@online{Link:QuicStats,
  author = {Jan RÃ¼th and Oliver Hohlfeld},
  title = {QUIC Statistics},
  url = {https://quic.comsys.rwth-aachen.de/stats.html},
  urldate = {2018-08-08}
}

@inproceedings{DBLP:conf/icc/MegyesiKM16,
  author    = {P{\'{e}}ter Megyesi and
               Zsolt Kramer and
               S{\'{a}}ndor Moln{\'{a}}r},
  title     = {How quick is QUIC?},
  booktitle = {2016 {IEEE} International Conference on Communications, {ICC} 2016,
               Kuala Lumpur, Malaysia, May 22-27, 2016},
  pages     = {1--6},
  year      = {2016},
  crossref  = {DBLP:conf/icc/2016},
  url       = {https://doi.org/10.1109/ICC.2016.7510788},
  doi       = {10.1109/ICC.2016.7510788},
  timestamp = {Thu, 25 May 2017 00:39:25 +0200},
  biburl    = {https://dblp.org/rec/bib/conf/icc/MegyesiKM16},
  bibsource = {dblp computer science bibliography, https://dblp.org}
}

@proceedings{DBLP:conf/icc/2016,
  title     = {2016 {IEEE} International Conference on Communications, {ICC} 2016,
               Kuala Lumpur, Malaysia, May 22-27, 2016},
  publisher = {{IEEE}},
  year      = {2016},
  url       = {http://ieeexplore.ieee.org/xpl/mostRecentIssue.jsp?punumber=7502491},
  isbn      = {978-1-4799-6664-6},
  timestamp = {Mon, 18 Jul 2016 13:43:18 +0200},
  biburl    = {https://dblp.org/rec/bib/conf/icc/2016},
  bibsource = {dblp computer science bibliography, https://dblp.org}
}

@inproceedings{DBLP:conf/icc/CookMTH17,
  author    = {Sarah Cook and
               Bertrand Mathieu and
               Patrick Truong and
               Isabelle Hamchaoui},
  title     = {{QUIC:} Better for what and for whom?},
  booktitle = {{IEEE} International Conference on Communications, {ICC} 2017, Paris,
               France, May 21-25, 2017},
  pages     = {1--6},
  year      = {2017},
  crossref  = {DBLP:conf/icc/2017},
  url       = {https://doi.org/10.1109/ICC.2017.7997281},
  doi       = {10.1109/ICC.2017.7997281},
  timestamp = {Fri, 04 Aug 2017 13:37:17 +0200},
  biburl    = {https://dblp.org/rec/bib/conf/icc/CookMTH17},
  bibsource = {dblp computer science bibliography, https://dblp.org}
}

@proceedings{DBLP:conf/icc/2017,
  title     = {{IEEE} International Conference on Communications, {ICC} 2017, Paris,
               France, May 21-25, 2017},
  publisher = {{IEEE}},
  year      = {2017},
  url       = {http://ieeexplore.ieee.org/xpl/mostRecentIssue.jsp?punumber=7985734},
  isbn      = {978-1-4673-8999-0},
  timestamp = {Fri, 04 Aug 2017 13:37:15 +0200},
  biburl    = {https://dblp.org/rec/bib/conf/icc/2017},
  bibsource = {dblp computer science bibliography, https://dblp.org}
}

@online{Link:LibcurlMail,
  title = {Libcurl Mailing List},
  url = {https://cool.haxx.se/mailman/listinfo/curl-library},
  urldate = {2018-08-09}
}


@online{Link:WebsiteLists,
  title = {Website Lists},
  year = 2018,
  url = {https://github.com/Kait0/quic-bachelorthesis/tree/master/data/Website%20Lists},
  urldate = {2018-08-09}
}

@online{Link:TCPFastOpen,
  author = {Y. Cheng and J. Chu and S. Radhakrishnan and A. Jain},
  title = {TCP Fast Open},
  year = 2014,
  url = {https://datatracker.ietf.org/doc/rfc7413/},
  urldate = {2018-08-10}
}

@inproceedings{DBLP:conf/networking/BajpaiS15,
  author    = {Vaibhav Bajpai and
               J{\"{u}}rgen Sch{\"{o}}nw{\"{a}}lder},
  title     = {IPv4 versus IPv6 - who connects faster?},
  booktitle = {Proceedings of the 14th {IFIP} Networking Conference, Networking 2015,
               Toulouse, France, 20-22 May, 2015},
  pages     = {1--9},
  year      = {2015},
  crossref  = {DBLP:conf/networking/2015},
  url       = {https://doi.org/10.1109/IFIPNetworking.2015.7145323},
  doi       = {10.1109/IFIPNetworking.2015.7145323},
  timestamp = {Mon, 05 Jun 2017 12:41:53 +0200},
  biburl    = {https://dblp.org/rec/bib/conf/networking/BajpaiS15},
  bibsource = {dblp computer science bibliography, https://dblp.org}
}
@proceedings{DBLP:conf/networking/2015,
  editor    = {Rahim Kacimi and
               Zoubir Mammeri},
  title     = {Proceedings of the 14th {IFIP} Networking Conference, Networking 2015,
               Toulouse, France, 20-22 May, 2015},
  publisher = {{IEEE}},
  year      = {2015},
  url       = {http://ieeexplore.ieee.org/xpl/mostRecentIssue.jsp?punumber=7128766},
  isbn      = {978-3-901882-68-5},
  timestamp = {Tue, 07 Jul 2015 20:03:08 +0200},
  biburl    = {https://dblp.org/rec/bib/conf/networking/2015},
  bibsource = {dblp computer science bibliography, https://dblp.org}
}

@inproceedings{DBLP:conf/conext/NaylorFLGMMPS14,
  author    = {David Naylor and
               Alessandro Finamore and
               Ilias Leontiadis and
               Yan Grunenberger and
               Marco Mellia and
               Maurizio M. Munaf{\`{o}} and
               Konstantina Papagiannaki and
               Peter Steenkiste},
  title     = {The Cost of the "S" in {HTTPS}},
  booktitle = {Proceedings of the 10th {ACM} International on Conference on emerging
               Networking Experiments and Technologies, CoNEXT 2014, Sydney, Australia,
               December 2-5, 2014},
  pages     = {133--140},
  year      = {2014},
  crossref  = {DBLP:conf/conext/2014},
  url       = {http://doi.acm.org/10.1145/2674005.2674991},
  doi       = {10.1145/2674005.2674991},
  timestamp = {Sat, 03 Jan 2015 15:31:16 +0100},
  biburl    = {https://dblp.org/rec/bib/conf/conext/NaylorFLGMMPS14},
  bibsource = {dblp computer science bibliography, https://dblp.org}
}
@proceedings{DBLP:conf/conext/2014,
  editor    = {Aruna Seneviratne and
               Christophe Diot and
               Jim Kurose and
               Augustin Chaintreau and
               Luigi Rizzo},
  title     = {Proceedings of the 10th {ACM} International on Conference on emerging
               Networking Experiments and Technologies, CoNEXT 2014, Sydney, Australia,
               December 2-5, 2014},
  publisher = {{ACM}},
  year      = {2014},
  url       = {http://dl.acm.org/citation.cfm?id=2674005},
  isbn      = {978-1-4503-3279-8},
  timestamp = {Sat, 03 Jan 2015 15:23:47 +0100},
  biburl    = {https://dblp.org/rec/bib/conf/conext/2014},
  bibsource = {dblp computer science bibliography, https://dblp.org}
}

@inproceedings{DBLP:conf/uss/FeltBKPBT17,
  author    = {Adrienne Porter Felt and
               Richard Barnes and
               April King and
               Chris Palmer and
               Chris Bentzel and
               Parisa Tabriz},
  title     = {Measuring {HTTPS} Adoption on the Web},
  booktitle = {26th {USENIX} Security Symposium, {USENIX} Security 2017, Vancouver,
               BC, Canada, August 16-18, 2017.},
  pages     = {1323--1338},
  year      = {2017},
  crossref  = {DBLP:conf/uss/2017},
  url       = {https://www.usenix.org/conference/usenixsecurity17/technical-sessions/presentation/felt},
  timestamp = {Fri, 01 Sep 2017 12:29:11 +0200},
  biburl    = {https://dblp.org/rec/bib/conf/uss/FeltBKPBT17},
  bibsource = {dblp computer science bibliography, https://dblp.org}
}
@proceedings{DBLP:conf/uss/2017,
  editor    = {Engin Kirda and
               Thomas Ristenpart},
  title     = {26th {USENIX} Security Symposium, {USENIX} Security 2017, Vancouver,
               BC, Canada, August 16-18, 2017},
  publisher = {{USENIX} Association},
  year      = {2017},
  url       = {https://www.usenix.org/conference/usenixsecurity17},
  timestamp = {Fri, 01 Sep 2017 12:24:05 +0200},
  biburl    = {https://dblp.org/rec/bib/conf/uss/2017},
  bibsource = {dblp computer science bibliography, https://dblp.org}
}
@article{DBLP:journals/corr/abs-1805-11506,
  author    = {Quirin Scheitle and
               Oliver Hohlfeld and
               Julien Gamba and
               Jonas Jelten and
               Torsten Zimmermann and
               Stephen D. Strowes and
               Narseo Vallina{-}Rodriguez},
  title     = {A Long Way to the Top: Significance, Structure, and Stability of Internet
               Top Lists},
  journal   = {CoRR},
  volume    = {abs/1805.11506},
  year      = {2018},
  url       = {http://arxiv.org/abs/1805.11506},
  archivePrefix = {arXiv},
  eprint    = {1805.11506},
  timestamp = {Wed, 06 Jun 2018 14:48:18 +0200},
  biburl    = {https://dblp.org/rec/bib/journals/corr/abs-1805-11506},
  bibsource = {dblp computer science bibliography, https://dblp.org}
}

@inproceedings{DBLP:conf/imc/SundaresanFTM13,
  author    = {Srikanth Sundaresan and
               Nick Feamster and
               Renata Teixeira and
               Nazanin Magharei},
  title     = {Community contribution award - Measuring and mitigating web performance
               bottlenecks in broadband access networks},
  booktitle = {Proceedings of the 2013 Internet Measurement Conference, {IMC} 2013,
               Barcelona, Spain, October 23-25, 2013},
  pages     = {213--226},
  year      = {2013},
  crossref  = {DBLP:conf/imc/2013},
  url       = {http://doi.acm.org/10.1145/2504730.2504741},
  doi       = {10.1145/2504730.2504741},
  timestamp = {Sat, 19 Aug 2017 20:08:45 +0200},
  biburl    = {https://dblp.org/rec/bib/conf/imc/SundaresanFTM13},
  bibsource = {dblp computer science bibliography, https://dblp.org}
}
@proceedings{DBLP:conf/imc/2013,
  editor    = {Konstantina Papagiannaki and
               P. Krishna Gummadi and
               Craig Partridge},
  title     = {Proceedings of the 2013 Internet Measurement Conference, {IMC} 2013,
               Barcelona, Spain, October 23-25, 2013},
  publisher = {{ACM}},
  year      = {2013},
  url       = {http://dl.acm.org/citation.cfm?id=2504730},
  isbn      = {978-1-4503-1953-9},
  timestamp = {Sat, 19 Aug 2017 20:08:45 +0200},
  biburl    = {https://dblp.org/rec/bib/conf/imc/2013},
  bibsource = {dblp computer science bibliography, https://dblp.org}
}

@online{Link:IETFQUICApplicability,
  author = {M. Kuehlewind and B. Trammell},
  title = {IETF QUIC applicability},
  year = 2018,
  url = {https://datatracker.ietf.org/doc/draft-ietf-quic-applicability/?include_text=1},
  urldate = {2018-08-11}
}

@inproceedings{DBLP:conf/sac/CarlucciCM15,
  author    = {Gaetano Carlucci and
               Luca De Cicco and
               Saverio Mascolo},
  title     = {{HTTP} over {UDP:} an experimental investigation of {QUIC}},
  booktitle = {Proceedings of the 30th Annual {ACM} Symposium on Applied Computing,
               Salamanca, Spain, April 13-17, 2015},
  pages     = {609--614},
  year      = {2015},
  crossref  = {DBLP:conf/sac/2015},
  url       = {http://doi.acm.org/10.1145/2695664.2695706},
  doi       = {10.1145/2695664.2695706},
  timestamp = {Mon, 05 Jun 2017 12:41:17 +0200},
  biburl    = {https://dblp.org/rec/bib/conf/sac/CarlucciCM15},
  bibsource = {dblp computer science bibliography, https://dblp.org}
}
@proceedings{DBLP:conf/sac/2015,
  editor    = {Roger L. Wainwright and
               Juan Manuel Corchado and
               Alessio Bechini and
               Jiman Hong},
  title     = {Proceedings of the 30th Annual {ACM} Symposium on Applied Computing,
               Salamanca, Spain, April 13-17, 2015},
  publisher = {{ACM}},
  year      = {2015},
  url       = {http://dl.acm.org/citation.cfm?id=2695664},
  isbn      = {978-1-4503-3196-8},
  timestamp = {Tue, 21 Jul 2015 14:16:42 +0200},
  biburl    = {https://dblp.org/rec/bib/conf/sac/2015},
  bibsource = {dblp computer science bibliography, https://dblp.org}
}